<record><leader>00000cas a22000007a 4500</leader><controlfield tag="001">36068464</controlfield><controlfield tag="008">961211d19011904okuwr n       0    0eng d</controlfield><datafield ind1=" " ind2=" " tag="010"><subfield code="a">sn 96093284 </subfield></datafield><datafield ind1=" " ind2=" " tag="040"><subfield code="a">OBN</subfield><subfield code="b">eng</subfield><subfield code="c">OBN</subfield><subfield code="d">OCLCQ</subfield><subfield code="d">OCLCO</subfield></datafield><datafield ind1="1" ind2=" " tag="029"><subfield code="a">AU@</subfield><subfield code="b">000012971956</subfield></datafield><datafield ind1=" " ind2=" " tag="042"><subfield code="a">msc</subfield></datafield><datafield ind1="0" ind2="4" tag="245"><subfield code="a">The Leger news.</subfield></datafield><datafield ind1=" " ind2=" " tag="260"><subfield code="a">Leger, Greer County, Okla. :</subfield><subfield code="b">J.P. Orr</subfield></datafield><datafield ind1=" " ind2=" " tag="300"><subfield code="a">v.</subfield></datafield><datafield ind1=" " ind2=" " tag="310"><subfield code="a">Weekly</subfield></datafield><datafield ind1="0" ind2=" " tag="362"><subfield code="a">Vol. 2, no. 30 (Oct. 3, 1901)-v. 5, no. 16 (June 30, 1904).</subfield></datafield><datafield ind1=" " ind2=" " tag="500"><subfield code="a">Leger, Okla. became Altus, Okla. on May 15, 1904.</subfield></datafield><datafield ind1=" " ind2="0" tag="651"><subfield code="a">Altus (Okla.)</subfield><subfield code="v">Newspapers.</subfield></datafield><datafield ind1=" " ind2="0" tag="651"><subfield code="a">Leger (Okla.)</subfield><subfield code="v">Newspapers.</subfield></datafield><datafield ind1=" " ind2="0" tag="651"><subfield code="a">Jackson County (Okla.)</subfield><subfield code="v">Newspapers.</subfield></datafield><datafield ind1=" " ind2=" " tag="752"><subfield code="a">United States</subfield><subfield code="b">Oklahoma</subfield><subfield code="c">Jackson</subfield><subfield code="d">Altus.</subfield></datafield><datafield ind1=" " ind2=" " tag="752"><subfield code="a">United States</subfield><subfield code="b">Oklahoma</subfield><subfield code="c">Jackson</subfield><subfield code="d">Leger.</subfield></datafield><datafield ind1="0" ind2="0" tag="780"><subfield code="t">Altus news (Altus, Okla.)</subfield><subfield code="w">(DLC)sn 96093283</subfield><subfield code="w">(OCoLC)36068406</subfield></datafield><datafield ind1="0" ind2="0" tag="785"><subfield code="t">Altus weekly news (Altus, Okla.)</subfield><subfield code="w">(DLC)sn 96093285</subfield><subfield code="w">(OCoLC)36068494</subfield></datafield></record>